
 @article{new-gen-brucella-vaccines,
 author={A. {Gheibi} and H. {Khanahmad} and K. {Kashfi} and M. {Sarmadi} and MR. {Khorramizadeh}},
 journal={Heliyon},  
 title={Development of new generation of vaccines for Brucella abortus},
 year={2018},
 volume={4},
 number={12},
 DOI={10.1016/j.heliyon.2018.e01079}
 }
 
 
 @book{durbin,
  title={Biological Sequence Analysis: Probabilistic Models of Proteins and Nucleic Acids.},
  author={R. Durbin and S. Eddy and A. Krogh and G. Mitchison},
  year={1998},
  publisher={Cambridge University Press},
  city={Cambridge}
}
 
 @article{jpred4, title={JPred4: a protein secondary structure prediction server}, volume={43}, DOI={10.1093/nar/gkv332}, number={W1}, journal={Nucleic Acids Research}, author={Drozdetskiy, Alexey and Cole, Christian and Procter, James and Barton, Geoffrey J.}, year={2015}}


@InProceedings{Ni,
DOI={10.1007/978-3-642-16001-1\_30},
author={Ni, Yizhao
and Niranjan, Mahesan},
editor={Dijkstra, Tjeerd M. H.
and Tsivtsivadze, Evgeni
and Marchiori, Elena
and Heskes, Tom},
title={Exploiting Long-Range Dependencies in Protein $\beta$-Sheet Secondary Structure Prediction},
booktitle={Pattern Recognition in Bioinformatics},
year={2010},
publisher={Springer Berlin Heidelberg},
address={Berlin, Heidelberg},
pages={349--357}}


@article{pfam, title={Pfam: the protein families database}, DOI={10.1002/047001153x.g306303}, journal={Encyclopedia of Genetics, Genomics, Proteomics and Bioinformatics}, author={Finn, Robert D.}, year={2005}}

@article{dani,
  title={Remote homology detection using a kernel method that combines sequence and secondary-structure similarity scores},
  author={Wieser, Daniela and Niranjan, Mahesan},
  journal={In silico biology},
  volume={9},
  number={3},
  pages={89--103},
  year={2009},
  publisher={IOS Press}
}


@article{prot-interaction, title={Predicting Protein-Protein Interactions from Matrix-Based Protein Sequence Using Convolution Neural Network and Feature-Selective Rotation Forest}, volume={9}, DOI={10.1038/s41598-019-46369-4}, number={1}, journal={Scientific Reports}, author={Wang, Lei and Wang, Hai-Feng and Liu, San-Rong and Yan, Xin and Song, Ke-Jian}, year={2019}} 
 

@article{prot-Subcellular,
title = {Predicting Subcellular Localization of Proteins Based on their N-terminal Amino Acid Sequence},
journal = {Journal of Molecular Biology},
volume = {300},
number = {4},
pages = {1005 - 1016},
year = {2000},
issn = {0022-2836},
doi = {https://doi.org/10.1006/jmbi.2000.3903},
author = {Olof Emanuelsson and Henrik Nielsen and Søren Brunak and Gunnar {von Heijne}} }

@article{lee_redfern_orengo_2007, title={Predicting protein function from sequence and structure}, volume={8}, DOI={10.1038/nrm2281}, number={12}, journal={Nature Reviews Molecular Cell Biology}, author={Lee, David and Redfern, Oliver and Orengo, Christine}, year={2007}, pages={995–1005}}
 

@article {haussler-pnas-paper,
author = {Brown, Michael P. S. and Grundy, William Noble and Lin, David and Cristianini, Nello and Sugnet, Charles Walsh and Furey, Terrence S. and Ares, Manuel and David Haussler},
title = {Knowledge-based analysis of microarray gene expression data by using support vector machines},
volume = {97},
number = {1},
pages = {262--267},
year = {2000},
doi = {10.1073/pnas.97.1.262},
publisher = {National Academy of Sciences}}
 
@article {spellman,
author = {Spellman, Paul T. and Gavin, Sherlock and  Q. Zhang, Michael and Iyer, Vishwanath R. and  Anders, Kirk and  B. Eisen, Michael and Brown, Patrick O. and Botstein, David and Futcher Bruce},
title={Comprehensive identification of cell cycle–regulated genes of the yeast Saccharomyces cerevisiae by microarray hybridization.},
volume = {9},
number = {12},
pages = {3273--3297},
year = {1998},
doi = {10.1073/pnas.97.1.262},
journal = {Molecular biology of the cell},
address = {Harvard}
}

@article{gunawardana_outlier, title={Outlier detection at the transcriptome-proteome interface}, volume={31}, DOI={10.1093/bioinformatics/btv182}, number={15}, journal={Bioinformatics}, author={Gunawardana, Yawwani and Fujiwara, Shuhei and Takeda, Akiko and Woo, Jeongmin and Woelk, Christopher and Niranjan, Mahesan}, year={2015}, pages={2530–2536}}
 
@article{barash_splicing, title={Deciphering the splicing code}, volume={465}, DOI={10.1038/nature09000}, number={7294}, journal={Nature}, author={Barash, Yoseph and Calarco, John A. and Gao, Weijun and Pan, Qun and Wang, Xinchen and Shai, Ofer and Blencowe, Benjamin J. and Frey, Brendan J.}, year={2010}, pages={53–59}} 
 
@article{deep-genomics-review,
DOI={10.15252/msb.20156651},
author = {Angermueller, Christof and Pärnamaa, Tanel and Parts, Leopold and Stegle, Oliver},
title = {Deep learning for computational biology},
journal = {Molecular Systems Biology},
volume = {12},
number = {7},
pages = {878}}

@article{mol2vec, title={Mol2vec: Unsupervised Machine Learning Approach with Chemical Intuition}, DOI={10.26434/chemrxiv.5513581.v1}, author={Jaeger, Sabrina and Fulle, Simone and Turk, Samo}, year={2017}}

@inproceedings{node2vec,
author = {Grover, Aditya and Leskovec, Jure},
title = {Node2vec: Scalable Feature Learning for Networks},
year = {2016},
isbn = {9781450342322},
publisher = {Association for Computing Machinery},
address = {New York, NY, USA},
doi = {10.1145/2939672.2939754},
booktitle = {Proceedings of the 22nd ACM SIGKDD International Conference on Knowledge Discovery and Data Mining},
pages = {855–864},
numpages = {10},
keywords = {feature learning, graph representations, information networks, node embeddings},
location = {San Francisco, California, USA},
series = {KDD ’16}
}

@article{vernikos_medini_2014, title={Bexsero® chronicle}, volume={108}, DOI={10.1179/2047773214y.0000000162}, number={7}, journal={Pathogens and Global Health}, author={Vernikos, George and Medini, Duccio}, year={2014}, pages={305–316}}
 
 
@article{bowman_2011, title={Improving reverse vaccinology with a machine learning approach}, volume={29}, DOI={10.1016/j.vaccine.2011.07.142}, number={45}, journal={Vaccine}, author={Bowman, Brett N. and Mcadam, Paul R. and Vivona, Sandro and Zhang, Jin X. and Luong, Tiffany and Belew, Richard K. and Sahota, Harpal and Guiney, Donald and Valafar, Faramarz and Fierer, Joshua and et al.}, year={2011}, pages={8156–8164}}
 
@article{velikovsky_goldbaum_bowden_2002, title={A DNA Vaccine Encoding Lumazine Synthase from Brucella abortus Induces Protective Immunity in BALB/c Mice}, volume={70}, DOI={10.1128/iai.70.5.2507-2511.2002}, number={5}, journal={Infection and Immunity}, author={Velikovsky, Carlos A. and Cassataro, Juliana and Giambartolomei, Guillermo H. and Goldbaum, Fernando A. and Estein, Silvia and Bowden, Raul A. and Bruno, Laura and Fossati, Carlos A. and Spitz Moises}, year={2002}, pages={2507–2511}}
 
@article{velikovsky_goldbaum_bowden_2003, title={Brucella Lumazine Synthase Elicits a Mixed Th1-Th2 Immune Response and Reduces Infection in Mice Challenged with Brucella abortus 544 Independently of the Adjuvant Formulation Used}, volume={71}, DOI={10.1128/iai.71.10.5750-5755.2003}, number={10}, journal={Infection and Immunity}, author={Velikovsky, Carlos A. and Goldbaum, Fernando A. and Cassataro, Juliana and Estein, Silvia and Bowden Raúl A. and Bruno, Laura and Fossati, Carlos A. and Giambartolomei, Guillermo H.}, year={2003}, pages={5750–5755}}
 
@article{genomic_imprinting_parental_influence, title={Genomic imprinting: parental influence on the genome}, volume={2}, DOI={10.1038/35047554}, number={1}, journal={Nature Reviews Genetics}, author={Reik, Wolf and Walter, Jörn}, year={2001}, pages={21–32}}

@article{vaccine-immunology_fundamentals, title={Fundamentals of vaccine immunology}, volume={3}, DOI={10.4103/0974-777x.77299}, number={1}, journal={Journal of Global Infectious Diseases}, author={Clem, Angelas}, year={2011}, pages={73}}
 
 @book{hands-on,
  title={Hands-On Machine Learning with Scikit-Learn, Keras, and TensorFlow: Concepts, Tools, and Techniques to Build Intelligent Systems},
  author={{G\'e}ron, Aur{\'e}lien},
  year={2019}, 
  publisher={O\'Reilly}
  }
  
@article{variation_prot, title={Variation in structural location and amino acid conservation of functional sites in protein domain families},  journal={BMC Bioinformatics}, author={Pils, Birgit
and Copley, Richard R. and Schultz, Jörg}, year={2005},
volume={6},
number={1},
DOI={10.1186/1471-2105-6-210}}


@article{dark_proteome2, title={Unexpected features of the dark proteome}, volume={112}, DOI={10.1073/pnas.1508380112}, number={52}, journal={Proceedings of the National Academy of Sciences}, author={Perdigão, Nelson and Heinrich, Julian and Stolte, Christian and Sabir, Kenneth S. and Buckley, Michael J. and Tabor, Bruce and Signal, Beth and Gloss, Brian S. and Hammang, Christopher J. and Rost, Burkhard and et al.}, year={2015}, pages={15898–15903}}


@article{dark-proteome1,
author = {Bhowmick, Asmit and Brookes, David H. and Yost, Shane R. and Dyson, H. Jane and Forman-Kay, Julie D. and Gunter, Daniel and Head-Gordon, Martin and Hura, Gregory L. and Pande, Vijay S. and Wemmer, David E. and Wright, Peter E. and Head-Gordon, Teresa},
title = {Finding Our Way in the Dark Proteome},
journal = {Journal of the American Chemical Society},
volume = {138},
number = {31},
pages = {9730-9742},
year = {2016},
doi = {10.1021/jacs.6b06543},
    note ={PMID: 27387657},
eprint = {      https://doi.org/10.1021/jacs.6b0654}
}


@article{pellegrini_2016, title={Editorial: Repetitive Structures in Biological Sequences: Algorithms and Applications}, volume={4}, DOI={10.3389/fbioe.2016.00066}, journal={Frontiers in Bioengineering and Biotechnology}, author={Pellegrini, Marco and Magi, Alberto and Iliopoulos, Costas S.}, year={2016}} 

@article{psortb, title={PSORTb 3.0: improved protein subcellular localization prediction with refined localization subcategories and predictive capabilities for all prokaryotes}, volume={26}, DOI={10.1093/bioinformatics/btq249}, number={13}, journal={Bioinformatics}, author={Yu, Nancy Y. and Wagner, James R. and Laird, Matthew R. and Melli, Gabor and Rey, Sébastien and Lo, Raymond and Dao, Phuong and Sahinalp, S. Cenk and Ester, Martin and Foster, Leonard J. and et al.}, year={2010}, pages={1608–1615}}


@book{nlp_fundamentals, place={Birmingham}, title={Natural language processing fundamentals: build intelligent applications that can interpret the human language to deliver impactful results}, publisher={Packt Publishing}, author={Ghosh, Sohom and Gunning, Dwight}, year={2019}}


@article{jaganathan_2019, title={Predicting Splicing from Primary Sequence with Deep Learning}, volume={176}, DOI={10.1016/j.cell.2018.12.015}, number={3}, journal={Cell}, author={Jaganathan, Kishore and Panagiotopoulou, Sofia Kyriazopoulou and Mcrae, Jeremy F. and Darbandi, Siavash Fazel and Knowles, David and Li, Yang I. and Kosmicki, Jack A. and Arbelaez, Juan and Cui, Wenwu and Schwartz, Grace B. and et al.}, year={2019}}

@book{Goodfellow-et-al-2016,
    title={Deep Learning},
    author={Ian Goodfellow and Yoshua Bengio and Aaron Courville},
    publisher={MIT Press},
    note={\url{http://www.deeplearningbook.org}},
    year={2016}
}


@article{imagenet_2015, title={ImageNet Large Scale Visual Recognition Challenge}, volume={115}, DOI={10.1007/s11263-015-0816-y}, number={3}, journal={International Journal of Computer Vision}, author={Russakovsky, Olga and Deng, Jia and Su, Hao and Krause, Jonathan and Satheesh, Sanjeev and Ma, Sean and Huang, Zhiheng and Karpathy, Andrej and Khosla, Aditya and Bernstein, Michael and et al.}, year={2015}, pages={211–252}}

@article{bert,
  author    = {Jacob Devlin and
               Ming{-}Wei Chang and
               Kenton Lee and
               Kristina Toutanova},
  title     = {{BERT:} Pre-training of Deep Bidirectional Transformers for Language
               Understanding},
  journal   = {CoRR},
  volume    = {abs/1810.04805},
  year      = {2018},
  archivePrefix = {arXiv},
  eprint    = {1810.04805},
 
}


@inbook{representation-learning,
  author     = {Ian Goodfellow and Yoshua Bengio and Aaron Courville}, 
  title        = {Deep Learning},
  publisher={MIT Press},
  year         = {2016},
  note         = {Representation Learning}
}

@misc{mikolov2013-original,
    title={Efficient Estimation of Word Representations in Vector Space},
    author={Tomas Mikolov and Kai Chen and Greg Corrado and Jeffrey Dean},
    year={2013},
    eprint={1301.3781},
    archivePrefix={arXiv},
    primaryClass={cs.CL}
}

@incollection{mikolov2013_2nd,
title = {Distributed Representations of Words and Phrases and their Compositionality},
author = {Mikolov, Tomas and Sutskever, Ilya and Chen, Kai and Corrado, Greg S and Dean, Jeff},
booktitle = {Advances in Neural Information Processing Systems 26},
editor = {C. J. C. Burges and L. Bottou and M. Welling and Z. Ghahramani and K. Q. Weinberger},
pages = {3111--3119},
year = {2013},
publisher = {Curran Associates, Inc.},
}

@article{dna2vec,
 title={dna2vec: Consistent vector representations of variable-length k-mers},
  author={Patrick Ng},
  journal={ArXiv},
  year={2017},
  volume={abs/1701.06279}
}

@article{bovw-computer-vision,
title = {Indexing chromatic and achromatic patterns for content-based colour image retrieval},
journal = {Pattern Recognition},
volume = {35},
number = {8},
pages = {1675 - 1686},
year = {2002},
doi = {https://doi.org/10.1016/S0031-3203(01)00162-5},
author = {G. Qiu},

}

@article{protvec, title={Continuous Distributed Representation of Biological Sequences for Deep Proteomics and Genomics}, volume={10}, DOI={10.1371/journal.pone.0141287}, number={11}, journal={Plos One}, author={Asgari, Ehsaneddin and Mofrad, Mohammad R. K.}, year={2015}}

@article{tape, title={Evaluating Protein Transfer Learning with TAPE}, DOI={10.1101/676825}, author={Rao, Roshan and Bhattacharya, Nicholas and Thomas, Neil and Duan, Yan and Chen, Xi and Canny, John and Abbeel, Pieter and Song, Yun S.}, year={2019}}

@article{heinson_2017, title={Enhancing the Biological Relevance of Machine Learning Classifiers for Reverse Vaccinology}, volume={18}, DOI={10.3390/ijms18020312}, number={2}, journal={International Journal of Molecular Sciences}, author={Heinson, Ashley and Gunawardana, Yawwani and Moesker, Bastiaan and Hume, Carmen and Vataga, Elena and Hall, Yper and Stylianou, Elena and Mcshane, Helen and Williams, Ann and Niranjan, Mahesan and et al.}, year={2017}, pages={312}}

@article{heinson_2019, title={An evaluation of different classification algorithms for protein sequence-based reverse vaccinology prediction}, volume={14}, DOI={10.1371/journal.pone.0226256}, number={12}, journal={Plos One}, author={Heinson, Ashley I. and Ewing, Rob M. and Holloway, John W. and Woelk, Christopher H. and Niranjan, Mahesan}, year={2019}}


@article{dalsass_2019, title={Comparison of Open-Source Reverse Vaccinology Programs for Bacterial Vaccine Antigen Discovery}, volume={10}, DOI={10.3389/fimmu.2019.00113}, journal={Frontiers in Immunology}, author={Dalsass, Mattia and Brozzi, Alessandro and Medini, Duccio and Rappuoli, Rino}, year={2019}}

@article{moxon_2019, title={Editorial: Reverse Vaccinology}, volume={10}, DOI={10.3389/fimmu.2019.02776}, journal={Frontiers in Immunology}, author={Moxon, Richard and Reche, Pedro A. and Rappuoli, Rino}, year={2019}}


@article{vaxijen_2007, title={VaxiJen: a server for prediction of protective antigens, tumour antigens and subunit vaccines}, volume={8}, DOI={10.1186/1471-2105-8-4}, number={1}, journal={BMC Bioinformatics}, author={Doytchinova, Irini A and Flower, Darren R}, year={2007}}


@article{nebenzahl_2007, title={Streptococcus pneumoniaeSurface‐Exposed Glutamyl tRNA Synthetase, a Putative Adhesin, Is Able to Induce a Partially Protective Immune Response in Mice}, volume={196}, DOI={10.1086/521028}, number={6}, journal={The Journal of Infectious Diseases}, author={Nebenzahl, Yaffa Mizrachi and Bernstein, Anka and Portnoi, Maxim and Shagan, Marilou and Rom, Slava and Porgador, Angel and Dagan, Ron}, year={2007}, pages={945–953}}


@article{fritzer_2010, title={Novel Conserved Group A Streptococcal Proteins Identified by the Antigenome Technology as Vaccine Candidates for a Non-M Protein-Based Vaccine}, volume={78}, DOI={10.1128/iai.00295-10}, number={9}, journal={Infection and Immunity}, author={Fritzer, Andrea and Senn, Beatrice M. and Minh, Duc Bui and Hanner, Markus and Gelbmann, Dieter and Noiges, Birgit and Henics Tamas and Schulze, Kai and Guzman, Carlos A. and Goodacre, John and et al.}, year={2010}, pages={4051–4067}}

@article{henningham_2012, title={Conserved anchorless surface proteins as group A streptococcal vaccine candidates}, volume={90}, DOI={10.1007/s00109-012-0897-9}, number={10}, journal={Journal of Molecular Medicine}, author={Henningham, Anna and Chiarot, Emiliano and Gillen, Christine M. and Cole, Jason N. and Rohde, Manfred and Fulde, Marcus and Ramachandran, Vidiya and Cork, Amanda J. and Hartas, Jon and Magor, Graham and et al.}, year={2012}, pages={1197–1207}}


@article{uniprot_2018, title={UniProt: a worldwide hub of protein knowledge}, volume={47}, DOI={10.1093/nar/gky1049}, number={D1}, journal={Nucleic Acids Research}, year={2018}}

@misc{YP_008168905.1, title={LPXTG-anchored repetitive surface protein SasC}, url={https://www.ncbi.nlm.nih.gov/protein/WP\_101259015.1}, journal={National Center for Biotechnology Information}, publisher={U.S. National Library of Medicine}}

@misc{1DI0_A, title={Chain A, Crystal Structure Of Lumazine Synthase From Brucella Abortus - Protein - NCBI}, url={https://www.ncbi.nlm.nih.gov/protein/1DI0\_A}, journal={National Center for Biotechnology Information}, publisher={U.S. National Library of Medicine}}

@article{goldbaum_velikovsky_1999, title={The 18-kDa cytoplasmic protein of Brucella species – an antigen useful for diagnosis – is a lumazine synthase}, volume={48}, DOI={10.1099/00222615-48-9-833}, number={9}, journal={Journal of Medical Microbiology}, author={Goldbaum, Fernando A. and Velikovsky, Carlos A. and Baldi, Pablo C. and Mörtl, Simone and Bacher, Adelbert and Fossati, Carlos A.}, year={1999}, pages={833–839}}


@article{riboflavin,
    author = {Pinto, John T and Zempleni, Janos},
    title = "{Riboflavin}",
    journal = {Advances in Nutrition},
    volume = {7},
    number = {5},
    pages = {973-975},
    year = {2016},
    month = {09},
    issn = {2161-8313},
    doi = {10.3945/an.116.012716},
    eprint = {https://academic.oup.com/advances/article-pdf/7/5/973/23754828/an012716.pdf},
}

@misc{BLS, title={BAB\_RS28950 6,7-dimethyl-8-ribityllumazine synthase - Gene - NCBI}, url={https://www.ncbi.nlm.nih.gov/gene/?term=BAB\_RS28950 6,7-dimethyl-8-ribityllumazine synthase}, journal={National Center for Biotechnology Information}, publisher={U.S. National Library of Medicine}}

@article{dorneles_2015, title={Recent advances in Brucella abortus vaccines}, volume={46}, DOI={10.1186/s13567-015-0199-7}, number={1}, journal={Veterinary Research}, author={Dorneles, Elaine Ms and Sriranganathan, Nammalwar and Lage, Andrey P.}, year={2015}}

@article{laplagne_2004, title={Engineering of a polymeric bacterial protein as a scaffold for the multiple display of peptides}, volume={57}, DOI={10.1002/prot.20248}, number={4}, journal={Proteins: Structure, Function, and Bioinformatics}, author={Laplagne, D.a. and Zylberman, V. and Ainciart, N. and Steward, M. W. and Sciutto, E. and Fossati, C.a. and Goldbaum, F. A.}, year={2004}, pages={820–828}}

@inproceedings{du_transfer-learning,
author = {Du, Xin and Farrahi, Katayoun and Niranjan, Mahesan},
title = {Transfer Learning across Human Activities Using a Cascade Neural Network Architecture},
year = {2019},
isbn = {9781450368704},
publisher = {Association for Computing Machinery},
address = {New York, NY, USA},
doi = {10.1145/3341163.3347730},
booktitle = {Proceedings of the 23rd International Symposium on Wearable Computers},
pages = {35–44},
numpages = {10},
keywords = {cascade learning, human activity recognition, deep learning, transfer learning},
location = {London, United Kingdom},
series = {ISWC '19}
}

@article{tf-idf, title={Research paper classification systems based on TF-IDF and LDA schemes}, volume={9}, DOI={10.1186/s13673-019-0192-7}, number={1}, journal={Proteins: Structure, Function, and Bioinformatics}, author={Kim, Sang-Woon and
Gil, Joon-Min}, year={2019}, pages={30}
,journal={Human-centric Computing and Information Sciences}}

@book{dynamic_programming, place={Princeton, NJ}, title={Dynamic programming}, publisher={Princeton University Press}, author={Bellman, Richard Ernest.}, year={2010}}

@article{ncbi-prot-nr-db,
journal={Nucleic Acids Research},
title = {NCBI reference sequences (RefSeq): a curated non-redundant sequence database of genomes, transcripts and proteins}
,author={Pruitt, Kim D and Tatusova, Tatiana 
and Maglott, Donna R}
,year={2006}
,volume={35}
,publisher={Oxford University Press}}


@article{ blast, title={Basic Local Alignment Search Tool (BLAST)}, DOI={10.1002/047145916x.ch4}, journal={Bioinformatics and Functional Genomics}, author={ Pevsner, Jonathan}, year={2005}, pages={87–125}}

@misc{who_antibiotic_resistance, title={Antibiotic resistance}, url={https://www.who.int/en/news-room/fact-sheets/detail/antibiotic-resistance}, journal={World Health Organization}, publisher={World Health Organization}}

@article{PhosContext2vec, title={PhosContext2vec: a distributed representation of residue-level sequence contexts and its application to general and kinase-specific phosphorylation site prediction}, volume={8}, DOI={10.1038/s41598-018-26392-7}, number={1}, journal={Scientific Reports}, author={Xu, Ying and Song, Jiangning and Wilson, Campbell and Whisstock, James C.}, year={2018}}

@misc{deepgs-dti-prots,
    title={DeepGS: Deep Representation Learning of Graphs and Sequences for Drug-Target Binding Affinity Prediction},
    author={Xuan Lin},
    year={2020},
    eprint={2003.13902},
    archivePrefix={arXiv},
    primaryClass={cs.LG}
}

@article{prot_embeddings_re-used_ml, title={Learned protein embeddings for machine learning}, volume={34},issue={23}, DOI={10.1093/bioinformatics/bty178}, number={1}, journal={Bioinformatics}, pages={4138}
,author={Yang, KK and Wu, Z and Bedbrook, CN and Arnold, FH}, year={2018}}

